@Book{HofertBook,
    publisher =	 {Springer Use R! Series},
    year =	 2018,
    isbn =         {978-3-319-89635-9},
    url =          {https://www.springer.com/de/book/9783319896342},
    title =	 {{E}lements of {C}opula {M}odeling with \textsf{R}},
    author =	 {Marius Hofert and Ivan Kojadinovic and Martin Maechler and Jun Yan},
}


@Article{SklarTheorem,
    author = {Sklar, A.},
    title = {Fonctions de Répartition à n Dimensions et Leurs Marges},
    journal = {Publications de l’Institut Statistique de l’Université de Paris},
    year = {1959},
    volume = {8},
    pages = {229-231},
    }

@Article{FrechetBounds,
    author = {Fréchet, M.},
    title = {Sur les tableaux dont les marges et des bornes sont données},
    journal = {Annales de l’Université de Lyon},
    year = {1951},
    volume = {9},
    pages = {53-77},
    }

@Article{ClaytonCopula,
    author = {Clayton, D.},
    title = {A model for association in bivariate life tables and its application in
    epidemiological studies of familial tendency in chronic disease incidence},
    journal = {Biometrika},
    year = {1978},
    volume = {65(1)},
    pages = {141-151},
    }

@Article{GumbelCopula,
    author = {Gumbel, E.},
    title = {Bivariate Logistic Distributions},
    journal = {Journal of the American Statistical Association},
    year = {1961},
    volume = {56},
    pages = {335-349},
    }

@Article{HougaardCopula,
    author = {Hougaard, P.},
    title = {A Class of Multivariate Failure Time Distributions},
    journal = {Biometrika},
    year = {1986},
    volume = {73},
    pages = {671-678},
    }

@Article{DeheuvelsEC,
    author = {Deheuvels, P.},
    title = {La fonction de dépendance empirique et ses propriétés. Un test non paramétrique d'indépendance},
    journal = {Bulletins de l'Académie Royale de Belgique},
    year = {1979},
    volume = {65},
    pages = {274-292},
    }

@Article{CarleyTaylorECC,
    author = {Carley, H. and Taylor, M. D.},
    title = {A new proof of Sklar's theorem},
    journal = {Distributions with given marginals and statistical modelling},
    year = {2002},
    pages = {29-34},
    }

@Article{SegersEBC,
    author = {Segers, Johan and Sibuya, Masaaki and Tsukahara, Hideatsu},
    title = {The empirical beta copula},
    journal = {Journal of Multivariate Analysis},
    year = {2017},
    volume = {155},
    pages = {35-51},
    }

@Article{BernsteinAbsMon1929,
    author = {Bernstein, S.},
    title = {Sur les fonctions absolument monotones},
    journal = {Acta Math},
    year = {1929},
    volume = {52},
    pages = {1-66},
    }


@Article{LoHoeffdingCovarianceLemma,
    author = {Lo, A.},
    title = {Functional generalizations of Hoeffding’s covariance lemma and a formula for Kendall’s tau},
    journal = {Statistics & Probability Letters},
    year = {2017},
    volume = {122},
    pages = {218-226},
    }

@Article{SpearmanRhoAuthor1904,
    author = {Spearman, C.},
    title = {The proof and measurement of association between two things},
    journal = {The American Journal of Psychology},
    year = {1904},
    volume = {15(1)},
    pages = {72-101},
    }

@Article{KendallTauAuthor1938,
    author = {Kendall, M.},
    title = {A New Measure of Rank Correlation},
    journal = {Biometrika},
    year = {1938},
    volume = {30(1-2)},
    
    }

@Article{KojadinovicYi2024Smooth,
    author = {Kojadinovic, I. and Yi, B.},
    title = {A class of smooth, possibly data-adaptive nonparametric copula estimators containing the empirical beta copula},
    journal = {Journal of Multivariate Analysis},
    year = {2024},
    volume = {201},
    }

@Article{KojadinovicYi2024Resampling,
    author = {Kendall, M.},
    title = {Resampling techniques for a class of smooth, possibly data-adaptive empirical copulas},
    journal = {Journal of Statistical Planning and Inference},
    year = {2024},
    volume = {231},
    }

@Article{MarshallOlkinAlgo1988,
    author = {Albert W. Marshall and Ingram Olkin},
    title = {Families of Multivariate Distributions},
    journal = {American Statistical Association},
    year = {1988},
    volume = {83},
    }

@Article{GenestRemillardBeaudoinGOF2009,
    author = {Christian Genest and Bruno R{\'e}millard and David Beaudoin},
    title = {Goodness-of-fit tests for copulas: A review and a power study},
    journal = {Insurance: Mathematics and Economics},
    year = {2009},
    volume = {44(2)},
    pages = {199-213}
    }

  @Manual{copulaRPackage2023,
    title = {copula: Multivariate Dependence with Copulas},
    author = {Marius Hofert and Ivan Kojadinovic and Martin Maechler
      and Jun Yan},
    year = {2023},
    note = {R package version 1.1-3},
    url = {https://CRAN.R-project.org/package=copula},
  }

  @Manual{extraDistrRPackage2023,
    title = {extraDistr: Additional Univariate and Multivariate Distributions},
    author = {Tymoteusz Wolodzko},
    year = {2023},
    note = {R package version 1.10.0},
    url = {https://CRAN.R-project.org/package=extraDistr},
  }

  @Manual{RColorBrewerRPackage2022,
    title = {RColorBrewer: ColorBrewer Palettes},
    author = {Erich Neuwirth},
    year = {2022},
    note = {R package version 1.1-3},
    url = {https://CRAN.R-project.org/package=RColorBrewer},
  }

@book{höffding1940maßstabinvariante,
  title={Ma{\ss}stabinvariante Korrelationstheorie},
  author={H{\"o}effding, W.},
  series={Schriften des mathematischen Instituts und des Instituts f{\"u}r angewandte Mathematik der Universit{\"a}t Berlin},
  year={1940},
  publisher={Teubner}
}

@Book{ModellingExtremalEventsForInsuranceandFinance,
    author = {Embrechts, P. and Kl{\"u}ppelberg, C. and Mikosch, T.},
    title = {Modelling Extremal Events for Insurance and Finance},
    publisher = {Springer Berlin, Heidelberg},
    year = {1997},
    }

@Book{NelsenCopulabook2006,
    author = {Nelson, R.},
    title = {An Introduction to copulas},
    publisher = {Springer},
    year = {2006},
    address = {New York}
    }

@Book{EVTAnIntro,
    author = {Haan, L. and Ferreira, A.},
    title = {Extreme Value Theory: An Introduction},
    publisher = {Springer New York, NY},
    year = {2006},
    }

@MISC {4665041,
    TITLE = {Joint distribution given marginals and correlation},
    AUTHOR = {Jan (https://math.stackexchange.com/users/156814/jan)},
    HOWPUBLISHED = {Mathematics Stack Exchange},
    NOTE = {URL:https://math.stackexchange.com/q/4665041 (version: 2023-03-23)},
    EPRINT = {https://math.stackexchange.com/q/4665041},
    year = {2023}     
}

@Book{QRMMcNeil,
    author = {McNeil, A. and Frey, R. and Embrechts, P.},
    title = {Quantitative Risk Management: Concepts, Techniques, and Tools},
    publisher = {Journal of The American Statistical Association - J AMER STATIST ASSN},
    year = {2005},
    }

@Book{FullBook2021,
    author = {Book Author, Fancy Pants},
    title = {{Fancy Pants Whole Book}},
    publisher = {So \& Fancy Publishing},
    year = {2021},
    address = {New York},
    }



@InBook{Contributor2023,
    author = {Contributor, Chapter},
    title = {{The Title of the Chapter}},
    pages = {42-69},
    booktitle = {{The Book Title}},
    publisher = {Other Publishing Place},
    year = {2023},
    editor = {Editor, First and Editor, Second},
    }
